
@online{Docker,
key={Docker},
title={{Docker}},
howpublished = "\url{https://docs.docker.com/}",
url = {https://docs.docker.com/}
}

@online{DockerArch,
key={DockerArch},
title={{Arhitektura Doker plaforme, preuzeta iz zvanične dokumentacije}},
howpublished = "\url{https://docs.docker.com/get-started/overview/}",
url = {https://docs.docker.com/get-started/overview/}
}

@online{Kubernetes,
key={Kubernetes},
title={{Kubernetes zvanična web stranica}},
howpublished = "\url{https://kubernetes.io/}",
url = {https://kubernetes.io/docs/home/}
}

@online{KubernetesArchitecture,
key={KubernetesArchitecture},
title={{Kubernetes Arhitektura}},
howpublished = "\url{https://kubernetes.io/docs/concepts/overview/components/}",
url = {https://kubernetes.io/docs/concepts/overview/components/}
}


@online{kubectl,
key={kubectl},
title={{Kubernetes Command Line Tool}},
howpublished = "\url{https://kubernetes.io/docs/reference/kubectl/}",
url = {https://kubernetes.io/docs/reference/kubectl/}
}


@online{Azure,
key={Azure},
title={{Microsoft Azure}},
howpublished = "\url{https://azure.microsoft.com/}",
url = {https://azure.microsoft.com/}
}

@online{AzurePortal,
key={AzurePortal},
title={{Microsoft Azure Portal}},
howpublished = "\url{https://portal.azure.com/}",
url = {https://portal.azure.com/}
}

@online{AKS,
key={AKS},
title={{Azure Kubernetes Service}},
howpublished = "\url{https://docs.microsoft.com/en-us/azure/aks/}",
url = {https://docs.microsoft.com/en-us/azure/aks/}
}


@online{AAD,
key={AAD},
title={{Azure Active Directory}},
howpublished = "\url{https://azure.microsoft.com/en-gb/services/active-directory/}",
url = {https://azure.microsoft.com/en-gb/services/active-directory/}
}


@online{AzureSQLDB,
key={Azure SQL Database},
title={{Azure SQL Database}},
howpublished = "\url{https://azure.microsoft.com/en-us/products/azure-sql/database/}",
url = {https://azure.microsoft.com/en-us/products/azure-sql/database/}
}
